% ------------------------------------------------------------------------
% BIBLIOGRAFIA
% ------------------------------------------------------------------------
@MISC{public,
 title = "\url{http://public.web.cern.ch}"
}

@phdthesis{Haefeli,
      author       = "Haefeli, G",
      title        = "Contribution to the development of the acquisition
                      electronics for the LHCb experiment. oai:cds.cern.ch:800810",
      school       = "EPFL Lausanne",
      address      = "Geneva",
      year         = "2004",
}

@article{ATLAS,
    abstract = {{ATLAS detector as installed in its experimental cavern at point 1 at CERN is described in this paper. A brief overview of the expected performance of the detector when the Large Hadron Collider begins operation is also presented.}},
    author = {The ATLAS Collaboration},
    journal = {Journal of Instrumentation},
    month = aug,
    number = {08},
    pages = {S08003},
    posted-at = {2010-03-02 12:59:32},
    title = {{The ATLAS Experiment at the CERN Large Hadron Collider}},
    volume = {3},
    year = {2008}
}
@article{Wolfenstein,
      author         = "Wolfenstein, Lincoln",
      title          = "{Parametrization of the Kobayashi-Maskawa Matrix}",
      journal        = "Phys.Rev.Lett.",
      volume         = "51",
      pages          = "1945",
      doi            = "10.1103/PhysRevLett.51.1945",
      year           = "1983",
      reportNumber   = "CMU-HEG83-9",
      SLACcitation   = "%%CITATION = PRLTA,51,1945;%%",
}
@article{CMS,
  author="{CMS Collaboration}",
  title="{The CMS experiment at the CERN LHC}",
  journal={Journal of Instrumentation},
  volume={3},
  year={2008},
  pages={S08004},
  doi={10.1088/1748-0221/3/08/S08004}
}
@article{ALICE,
author ="{ALICE Collaboration}",
title = "{The ALICE experiment at the CERN LHC}",
journal = {Journal of Instrumentation},
volume = {3},
year = {2008},
issue = {08},
doi = {10.1088/1748-0221/3/08/S08002},
masid = {24339737}
}
@book{perkins,
  address = {Reading, USA},
  author = {Perkins, D.},
  publisher = {Addison-Wesley},
  title = {Introduction to High Energy Physics},
  year = 1982
}
@article{nakada,
      author         = "Nakada, Tatsuya",
      title          = "{Review on CP violation}",
      journal        = "AIP Conf.Proc.",
      volume         = "302",
      pages          = "425-463",
      year           = "1994",
      eprint         = "hep-ph/9312290",
      archivePrefix  = "arXiv",
      primaryClass   = "hep-ph",
      reportNumber   = "PSI-PR-93-18",
}
@article{Sacharow,
      author         = "Sakharov, A.D.",
      title          = "{Violation of CP Invariance, c Asymmetry, and Baryon
                        Asymmetry of the Universe}",
      journal        = "Pisma Zh.Eksp.Teor.Fiz.",
      volume         = "5",
      pages          = "32-35",
      doi            = "10.1070/PU1991v034n05ABEH002497",
      year           = "1967",
      SLACcitation   = "%%CITATION = ZFPRA,5,32;%%",
}
@MISC{event,
title= "\url{http://lhcb-public.web.cern.ch/lhcb-public/en/Collaboration/LHCbEvDis.html}"
}
@article{Eklund,
      author       = "Eklund, Lars",
      title        = "LHCb vertex locator, overview and recent progress",
      month        = "Nov",
      year         = "2005",
}
@phdthesis{Papadelis,
      author       = "Papadelis, Aras and Merk, MHM and Jans, E",
      title        = "Characterisation and commissioning of the LHCb VELO
                      detector. oai:cds.cern.ch:1186697",
      school       = "Amsterdam, VU University",
      address      = "Amsterdam",
      year         = "2009",
      note         = "Presented on 17 Jun 2009",
}
@book{VELORaport,
      author	   = "LHCb Collaboration",
      title        = "LHCb VELO (VErtex LOcator): Technical Design Report",
      publisher    = "CERN",
      address      = "Geneva",
      series       = "Technical Design Report LHCb",
      year         = "2001",
}
@phdthesis{Stejskal,
      author       = "Stejskal, P and Buytaert, Jan",
      title        = "Development of VHDL Code for the DAQ and Monitoring Boards
                      of the Velo Subdtector of the LHCb Experiment.
                      oai:cds.cern.ch:1038896",
      school       = "Czech Tech. Univ. Prague",
      address      = "Prague",
      year         = "2007",
      note         = "Presented on 08 Jun 2007",
}
@phdthesis{Aras,
      author       = "Papadelis, Aras and Merk, MHM and Jans, E",
      title        = "Characterisation and commissioning of the LHCb VELO
                      detector. oai:cds.cern.ch:1186697",
      school       = "Amsterdam, VU University",
      address      = "Amsterdam",
      year         = "2009",
      note         = "Presented on 17 Jun 2009",
}
@techreport{Beetle,
      author       = "LÃ¶chner, S and Schmelling, M",
      title        = "The Beetle Reference Manual - chip version 1.3, 1.4 and
                      1.5",
      institution  = "CERN",
      address      = "Geneva",
      number       = "LHCb-2005-105. CERN-LHCb-2005-105",
      month        = "Nov",
      year         = "2006",
}
@article{ROOT,
      author         = "Brun, R. and Rademakers, F.",
      title          = "{ROOT: An object oriented data analysis framework}",
      journal        = "Nucl.Instrum.Meth.",
      volume         = "A389",
      year           = "1997",
}
@article{GAUDI,
      author       = "Barrand, G and Belyaev, I and Binko, P and Cattaneo, M and
                      Chytracek, R and Corti, G and Frank, M and Gracia, G and
                      Harvey, J and Van Herwijnen, Eric and Jost, B and Last, I
                      and Maley, P and Mato, P and Probst, S and Ranjard, F and
                      Tsaregorodtsev, A Yu",
      title        = "GAUDI: The software architecture and framework for building
                      LHCb data processing applications. oai:cds.cern.ch:467678",
      year         = "2000",
}
}
@techreport{Pedestal,
      author       = "Parkes, C and Szumlak, T",
      title        = "Application of the Pedestal Following Algorithm to the VELO
                      Detector",
      institution  = "CERN",
      address      = "Geneva",
      number       = "LHCb-2009-036. CERN-LHCb-2009-036",
      month        = "May",
      year         = "2009",
}

@techreport{RICH,
      author       = "Adinolfi, M and Aglieri Rinella, G and Albrecht, E and
                      Bellunato, T and Benson, S and Blake,C and ), (... ",
      title        = "Performance of the LHCb RICH detector at the LHC",
      institution  = "CERN",
      address      = "Geneva",
      number       = "arXiv:1211.6759. CERN-LHCb-DP-2012-003. LHCb-DP-2012-003",
      month        = "Nov",
      year         = "2012",
}